@misc{,
   author = {Ponemon Institute},
   keywords = {Ponemon Research,cost of a data breach,data breach},
   title = {Cost of a Data Breach Report 2023},
   year = {2023},
}
